<record><leader>00000cas a22000007a 4500</leader><controlfield tag="001">13754680</controlfield><controlfield tag="008">860620d19051906nvuwr ne      0    0eng d</controlfield><datafield ind1=" " ind2=" " tag="010"><subfield code="a">sn 86076211 </subfield></datafield><datafield ind1=" " ind2=" " tag="040"><subfield code="a">NNX</subfield><subfield code="b">eng</subfield><subfield code="c">NNX</subfield><subfield code="d">OCLCQ</subfield><subfield code="d">OCLCF</subfield><subfield code="d">OCLCO</subfield></datafield><datafield ind1=" " ind2=" " tag="042"><subfield code="a">msc</subfield></datafield><datafield ind1=" " ind2=" " tag="043"><subfield code="a">n-us-nv</subfield></datafield><datafield ind1="0" ind2="0" tag="245"><subfield code="a">Caliente express.</subfield></datafield><datafield ind1=" " ind2=" " tag="260"><subfield code="a">Caliente, Nev. :</subfield><subfield code="b">Express Pub. Co.</subfield></datafield><datafield ind1=" " ind2=" " tag="300"><subfield code="a">v. :</subfield><subfield code="b">ill.</subfield></datafield><datafield ind1=" " ind2=" " tag="310"><subfield code="a">Weekly</subfield></datafield><datafield ind1="1" ind2=" " tag="362"><subfield code="a">Began with Jan. 5, 1905 issue; ceased in June 1906.</subfield><subfield code="z">Cf. Lingenfelter, R. Newspapers of Nev., 1854-1979.</subfield></datafield><datafield ind1=" " ind2=" " tag="588"><subfield code="a">Description based on: Vol. 1, no. 9 (Mar. 2, 1905).</subfield></datafield><datafield ind1=" " ind2="0" tag="651"><subfield code="a">Caliente (Nev.)</subfield><subfield code="v">Newspapers.</subfield></datafield><datafield ind1=" " ind2="7" tag="655"><subfield code="a">Newspapers.</subfield><subfield code="2">fast</subfield><subfield code="0">(OCoLC)fst01423814</subfield></datafield><datafield ind1=" " ind2="7" tag="651"><subfield code="a">Nevada</subfield><subfield code="z">Caliente.</subfield><subfield code="2">fast</subfield><subfield code="0">(OCoLC)fst01224661</subfield></datafield><datafield ind1=" " ind2=" " tag="752"><subfield code="a">United States</subfield><subfield code="b">Nevada</subfield><subfield code="c">Lincoln</subfield><subfield code="d">Caliente.</subfield></datafield><datafield ind1="0" ind2="7" tag="785"><subfield code="t">Delamar lode</subfield><subfield code="w">(DLC)sn 86076262</subfield><subfield code="w">(OCoLC)13776178</subfield></datafield><datafield ind1="0" ind2="7" tag="785"><subfield code="t">Caliente lode-express</subfield><subfield code="w">(DLC)sn 86076258</subfield><subfield code="w">(OCoLC)13775454</subfield></datafield></record>